@article{1,
    author  = "Nicolai Weddig",
    title   = "Excercise discussion {I}nertial {N}avigation: {E}xercise 1 {I}nitial alignment \& attitude update",
    year    = "2023"
}

@article{2,
    author  = "Steffen Sch√∂n",
    title   = "Inertialnavigation: {K}apitel 2 {M}athematische {G}rundlagen",
    year    = "2023"
}
